@article{Joosen2010,
author = {Joosen, Ronny V. L. and Kodde, Jan and Willems, Leo A. J. and Ligterink, Wilco and van der Plas, Linus H. W. and Hilhorst, Henk W.M.},
doi = {10.1111/j.1365-313X.2009.04116.x},
issn = {09607412},
journal = {The Plant Journal},
month = {apr},
number = {1},
pages = {148--159},
title = {{germinator : a software package for high-throughput scoring and curve fitting of Arabidopsis seed germination}},
url = {http://www.ncbi.nlm.nih.gov/pubmed/20042024},
volume = {62},
year = {2010}
}

@article{Penfield2009,
author = {Penfield, Steven and King, John},
doi = {10.1098/rspb.2009.0592},
issn = {0962-8452},
journal = {Proceedings. Biological sciences / The Royal Society},
month = {oct},
number = {1673},
pages = {3561--9},
title = {{Towards a systems biology approach to understanding seed dormancy and germination.}},
url = {http://rspb.royalsocietypublishing.org/content/early/2009/07/15/rspb.2009.0592.abstract},
volume = {276},
year = {2009}
}

@article{Marcos-Filho1998,
author = {Marcos-Filho, J.},
doi = {10.1590/S0103-90161998000500005},
issn = {0103-9016},
journal = {Scientia Agricola},
pages = {27--33},
publisher = {Scientia Agricola},
title = {{New approaches to seed vigor testing}},
url = {http://www.scielo.br/scielo.php?script=sci{\_}arttext{\&}pid=S0103-90161998000500005{\&}lng=en{\&}nrm=iso{\&}tlng=pt},
volume = {55},
year = {1998}
}

@article{Ranal2006,
author = {Ranal, Marli A. and de Santana, Denise Garcia},
doi = {10.1590/S0100-84042006000100002},
issn = {0100-8404},
journal = {Revista Brasileira de Bot{\^{a}}nica},
month = {mar},
number = {1},
pages = {1--11},
publisher = {Sociedade Bot{\^{a}}nica de S{\~{a}}o Paulo},
title = {{How and why to measure the germination process?}},
volume = {29},
year = {2006}
}

@Book{xie2015,
  title = {Dynamic Documents with {R} and knitr},
  author = {Yihui Xie},
  publisher = {Chapman and Hall/CRC},
  address = {Boca Raton, Florida},
  year = {2015},
  edition = {2nd},
  note = {ISBN 978-1498716963},
  url = {http://yihui.name/knitr/},
}

@book{GouveaLabouriau1983,
address = {Washington},
author = {{Gouv{\^{e}}a Labouriau}, Luiz. Luiz Gouv{\^{e}}a Labouriau.},
booktitle = {Organizacao dos Estados Americanos},
pages = {174},
title = {{A germinac{\^{a}}o das sementes}},
year = {1983}
}

@article{Labouriau1983,
author = {Labouriau, L G and Valadares, M E B},
journal = {OEA, Washington, DC},
mendeley-groups = {UFRPE},
title = {{The germination of seeds}},
year = {1983}
}

@article{CARVALHO2005,
author = {Carvalho, MP and Santana, DG},
journal = {Revista Brasileira de},
title = {{Emerg{\^{e}}ncia de pl{\^{a}}ntulas de Anacardium humile A. St.-Hil.(Anacardiaceae) avaliada por meio de amostras pequenas}},
url = {http://www.scielo.br/pdf/{\%}0D/rbb/v28n3/29011.pdf},
year = {2005}
}

@article{Czabator1962,
author = {Czabator, Felix J},
issn = {0015-749X},
journal = {Forest Science},
number = {4},
pages = {386--396},
publisher = {Society of American Foresters},
title = {{Germination value: an index combining speed and completeness of pine seed germination}},
volume = {8},
year = {1962}
}
